@article{曾剑宇2017东道国国家风险与我国对外承包工程,
  title={东道国国家风险与我国对外承包工程——基于跨国面板数据的实证研究},
  author={曾剑宇 and 蒋骄亮 and 何凡},
  journal={国际商务: 对外经济贸易大学学报},
  number={6},
  pages={6--18},
  year={2017}
}

@article{何凡2018我国对外承包工程受双边关系影响吗,
  title={我国对外承包工程受双边关系影响吗?——基于 “一带一路” 沿线主要国家的研究},
  author={何凡 and 曾剑宇},
  journal={国际商务研究},
  volume={39},
  number={6},
  pages={57--66},
  year={2018}
}